@book{kopka,
  author = "Helmut Kopka",
  title = "{\LaTeX, Band 1}",
  publisher = "Addison-Wesley Verlag",
  year = 2000,
}

@misc{heise,
  key = "heise",
  title = "Heise online",
  url = "http://www.heise.de/",
}

@article{keshav07ccr,
 author = {Keshav, S.},
 title = {How to Read a Paper},
 journal = {SIGCOMM Computer Communication Review},
 issue_date = {July 2007},
 volume = {37},
 number = {3},
 month = jul,
 year = {2007},
 issn = {0146-4833},
 pages = {83--84},
 numpages = {2},
 url = {http://doi.acm.org/10.1145/1273445.1273458},
 doi = {10.1145/1273445.1273458},
 acmid = {1273458},
 publisher = {ACM},
 address = {New York, NY, USA},
 keywords = {hints, paper, reading},
} 

@article{liu73acm,
  author = {Liu, C. L. and Layland, James W.},
  title = {Scheduling Algorithms for Multiprogramming in a Hard-Real-Time Environment},
  journal = {Journal of the ACM},
  issue_date = {Jan. 1973},
  volume = {20},
  number = {1},
  month = jan,
  year = {1973},
  issn = {0004-5411},
  pages = {46--61},
  numpages = {16},
  url = {http://doi.acm.org/10.1145/321738.321743},
  doi = {10.1145/321738.321743},
  acmid = {321743},
  publisher = {ACM},
  address = {New York, NY, USA},
  keywords = {rt,scheduling},
} 
